@book{navidi2006statistics,
  title={Statistics for engineers and scientists},
  author={Navidi, William Cyrus},
  volume={1},
  year={2006},
  publisher={McGraw-Hill New York}
}
@article{rosner1983percentage,
  title={Percentage points for a generalized ESD many-outlier procedure},
  author={Rosner, Bernard},
  journal={Technometrics},
  volume={25},
  number={2},
  pages={165--172},
  year={1983},
  publisher={Taylor \& Francis}
}